@Book{dongen_latex,
  author    = {van Dongen, M. R. C},
  date      = {2012},
  title     = {LaTeX and Friends},
  isbn      = {9783642238154},
  language  = {eng},
  location  = {Berlin, Heidelberg},
  publisher = {Springer},
  series    = {X.media.publishing},
  keywords  = {LaTeX (Computer file) Computerized typesetting},
}

@Book{datta_latex,
  author    = {Datta, Dilip},
  date      = {2017},
  title     = {LaTeX in 24 Hours: A Practical Guide for Scientific Writing},
  isbn      = {9783319478302},
  language  = {eng},
  location  = {Cham},
  publisher = {Springer},
}

@InReference{ascs,
  author    = {Petráčková, Věra AND Kraus, Jiří},
  booktitle = {Akademický slovník cizích slov},
  date      = {1995},
  title     = {Citace},
  isbn      = {9788020014153},
  publisher = {Academia}
}

@Thesis{pysny_czplain,
  author     = {Pyšný, Radek},
  title      = {Bib\TeX\ styl pro ČSN ISO 690 a ČSN ISO 690-2},
  language   = {cze},
  school     = {FIT VUT v Brně},
  year       = {2009},
  location   = {Brno},
  supervisor = {Křena, Bohuslav},
}

@MastersThesis{mazac_xml,
  author     = {Mazač, Ladislav},
  title      = {Implementace standardu bibliografické citace Bib\TeX\ pomocí technologie XML},
  language   = {cze},
  school     = {FEKT VUT v Brně},
  year       = {2010},
  location   = {Brno},
  supervisor = {Rajmic, Pavel},
}

@InCollection{ktd_citace,
  booktitle = {KTD: Česká terminologická databáze knihovnictví a informační vědy (TDKIV)},
  date      = {2003},
  title     = {Bibliografická citace},
  location  = {Praha},
  publisher = {Národní knihovna},
  url       = {https://aleph.nkp.cz/F/?func=direct&doc_number=000000349&local_base=KTD},
  urldate   = {2020-04-10},
}

@Article{reedijk_citations_ethics,
  author   = {Reedijk, Jan},
  title    = {Editorial: Citations and Ethics},
  journal  = {Angewandte Chemie International Edition},
  volume   = {51},
  number   = {4},
  pages    = {828-830},
  doi      = {10.1002/anie.201107554},
  eprint   = {https://onlinelibrary.wiley.com/doi/pdf/10.1002/anie.201107554},
  date     = {2012},
  urldate  = {2020-04-10},
  language = {eng},
}

@Article{knauff_latex_ef,
    author    = {Knauff, Markus AND Nejasmic, Jelica},
    journal   = {PLOS ONE},
    publisher = {Public Library of Science},
    title     = {An Efficiency Comparison of Document Preparation Systems Used in Academic Research and Development},
    year      = {2014},
    month     = {12},
    volume    = {9},
    url       = {https://doi.org/10.1371/journal.pone.0115069},
    pages     = {1-12},
    number    = {12},
    doi       = {10.1371/journal.pone.0115069},
    language  = {eng},
}

@InProceedings{patashnik_bibtex,
  author     = {Patashnik, Oren},
  booktitle  = {\textsc{TUGboat}, Volume 24},
  date       = {2003},
  title      = {\textsc{Bib}\TeX\ yesterday, today, and tomorrow},
  eventdate  = {2003-07-20},
  eventtitle = {2003 Annual Meeting Proceedings},
  location   = {Portland, Orgeon},
  number     = {1},
  publisher  = {\TeX\ Users Group},
  volume     = {24},
  language   = {eng},
}

@Online{markey_bibtex,
  author    = {Markey, Nicolas},
  date      = {2019-10-11},
  title     = {Tame the BeaST},
  url       = {http://ftp.cvut.cz/tex-archive/info/bibtex/tamethebeast/ttb_en.pdf},
  urldate   = {2020-04-10},
  language  = {eng},
}

@Online{kime_biblatex,
  author   = {Philip Kime AND Moritz Wemheuer AND Philipp Lehman},
  date     = {2019-12-01},
  title    = {The \texttt{biblatex} Package},
  url      = {http://mirrors.nic.cz/tex-archive/macros/latex/contrib/biblatex/doc/biblatex.pdf},
  urldate  = {2020-04-10},
  language = {eng},
}

@Online{martinek_czechiso,
  author   = {Martínek. David},
  date     = {2018-10-22},
  title    = {Český styl pro BibTeX},
  url      = {http://www.fit.vutbr.cz/~martinek/latex/czechiso.html},
  urldate  = {2020-04-10},
  language = {cze}
}

@Proceedings{tugboat_32,
  date     = {2011},
  title    = {\textsc{TUGboat}, Volume 32},
  editor   = {Beeton, Barbara AND Berry, Karl},
  issn     = {0896-3207},
  location = {Portland, Oregon},
  number   = {3},
  volume   = {32},
  language = {eng},
}

@Proceedings{tugboat_30,
  date     = {2009},
  title    = {\textsc{TUGboat}, Volume 30},
  editor   = {Beeton, Barbara},
  issn     = {0896-3207},
  location = {Portland, Oregon},
  number   = {1},
  volume   = {30},
  language = {eng},
}

@Proceedings{tugboat_29,
  date     = {2008},
  title    = {\textsc{TUGboat}, Volume 29},
  editor   = {Beeton, Barbara AND Berry, Karl},
  issn     = {0896-3207},
  location = {Portland, Oregon},
  number   = {3},
  volume   = {29},
  language = {eng},
}
